@INPROCEEDINGS{Energy-Efficient,
  author={Chen, Sz-Han and Shen, Li-Hsiang and Feng, Kai-Ten and Yang, Lie-Liang and Wu, Jen-Ming},
  booktitle={2024 IEEE 99th Vehicular Technology Conference (VTC2024-Spring)}, 
  title={Energy-Efficient Joint Handover and Beam Switching Scheme for Multi-LEO Networks}, 
  year={2024},
  volume={},
  number={},
  pages={1-7},
  keywords={Vehicular and wireless technologies;Wireless networks;Power control;Low earth orbit satellites;Interference;Switches;Handover},
  doi={10.1109/VTC2024-Spring62846.2024.10683088}}

@techreport{38811,
  author       = "{3GPP}",
  title        = "{Study on New Radio (NR) to support non-terrestrial networks}",
  institution  = "{3rd Generation Partnership Project (3GPP)}",
  type         = "Technical Report",
  number       = "TR 38.811",
  year         = "2020",
  month        = "June",
  note         = "Version 15.4.0",
  url          = "https://www.3gpp.org/ftp/Specs/archive/38_series/38.811/",
}

@ARTICLE{Satellite-Multi-Beam,
  author={Wang, Jiawei and Jiang, Chunxiao and Kuang, Linling and Han, Rui},
  journal={IEEE Transactions on Wireless Communications}, 
  title={Satellite Multi-Beam Collaborative Scheduling in Satellite Aviation Communications}, 
  year={2024},
  volume={23},
  number={3},
  pages={2097-2111},
  keywords={Satellites;Collaboration;Dynamic scheduling;Analytical models;Wireless communication;Satellite antennas;Phased arrays;Satellite communications;satellite beam scheduling;resource allocation;user location management},
  doi={10.1109/TWC.2023.3295382}}

@ARTICLE{User-Scheduling,
  author={Van Chien, Trinh and Lagunas, Eva and Ta, Tung Hai and Chatzinotas, Symeon and Ottersten, Bj√∂rn},
  journal={IEEE Transactions on Vehicular Technology}, 
  title={User Scheduling and Power Allocation for Precoded Multi-Beam High Throughput Satellite Systems With Individual Quality of Service Constraints}, 
  year={2023},
  volume={72},
  number={1},
  pages={907-923},
  keywords={Quality of service;Throughput;Satellites;High-temperature superconductors;Scheduling;Optimization;Resource management;Multi-beam high throughput satellite;power allocation;quality of service;sum throughput optimization;user scheduling},
  doi={10.1109/TVT.2022.3206264}}

@techreport{38331,
  author       = "{3GPP}",
  title        = "{Radio Resource Control (RRC) protocol specification}",
  institution  = "{3rd Generation Partnership Project (3GPP)}",
  type         = "Technical Report",
  number       = "TR 38.331",
  year         = "2024",
  month        = "March",
  note         = "Version 18.1.0",
  url          = "https://www.3gpp.org/ftp/Specs/archive/38_series/38.331/",
}